@article{cao2011survey,
  author="Cao, N",
  title="A Survey on Multidimensional Visual Analysis Techniques",
  journal="Hong Kong University of Science and Technology",
  year="2011"
}

@article{abdi2010principal,
  author="Abdi, Herv{\'e} and Williams, Lynne J",
  title="Principal component analysis",
  journal="Wiley interdisciplinary reviews: computational statistics",
  volume="2",
  number="4",
  pages="433--459",
  year="2010",
  publisher="Wiley Online Library"
}

@article{morrison2003fast,
  author="Morrison, Alistair and Ross, Greg and Chalmers, Matthew",
  title="Fast multidimensional scaling through sampling, springs and interpolation",
  journal="Information Visualization",
  volume="2",
  number="1",
  pages="68--77",
  year="2003",
  publisher="SAGE Publications Sage UK: London, England"
}

@article{van2008visualizing,
  author="Van der Maaten, Laurens and Hinton, Geoffrey",
  title="Visualizing data using t-SNE.",
  journal="Journal of machine learning research",
  volume="9",
  number="11",
  year="2008"
}

@inproceedings{inselberg1990parallel,
  author="Inselberg, Alfred and Dimsdale, Bernard",
  title="Parallel coordinates: a tool for visualizing multi-dimensional geometry",
  booktitle="Proceedings of the First IEEE Conference on Visualization: Visualization90",
  pages="361--378",
  year="1990",
  organization="IEEE"
}

@book{duran2013cluster,
  author="Duran, Benjamin S and Odell, Patrick L",
  title="Cluster analysis: a survey",
  volume="100",
  year="2013",
  publisher="Springer Science \& Business Media"
}