
% Tools
% =====


% Books
% -----



% Journal Articles
% ----------------





% Online Resources
% ----------------



@booklet{Aspell,
  author       = "Kevin Atkinson",
  title        = "{GNU Aspell}",
  date         = "2019-10",
  url          = "http://aspell.net/",
  urldate      = "2021-11-09",
}



@booklet{Adobe-Illustrator,
  author       = "{Adobe}",
  title        = "Illustrator",
  date         = "2021-11-09",
  url          = "https://adobe.com/products/illustrator.html",
  urldate      = "2021-11-09",
}

@booklet{Adobe-AcrobatPro,
  author       = "{Adobe}",
  title        = "Acrobat Pro",
  date         = "2021-11-09",
  url          = "https://adobe.com/acrobat/acrobat-pro.html",
  urldate      = "2021-11-09",
}


@booklet{Inkscape,
  author       = "{Inkscape}",
  title        = "Inkscape",
  date         = "2021-11-09",
  url          = "https://inkscape.org/",
  urldate      = "2021-11-09",
}


@booklet{R-Project,
  author       = "{RF}",
  title        = "The R Project for Statistical Computing",
  howpublished = "The R Foundation",
  date         = "2021-11-01",
  url          = "https://r-project.org/",
  urldate      = "2021-11-09",
}


@booklet{gnuplot,
  author       = "Thomas Williams and Colin Kelley",
  title        = "{gnuplot}",
  date         = "2021-07-26",
  url          = "https://gnuplot.info/",
  urldate      = "2021-11-09",
}
% https://sourceforge.net/p/gnuplot/gnuplot-main/ci/master/tree/



@booklet{Tableau,
  author       = "{Tableau}",
  title        = "Tableau",
  date         = "2021-11-09",
  url          = "https://tableau.com/",
  urldate      = "2021-11-09",
}

@booklet{Flourish,
  author       = "{Flourish}",
  title        = "Flourish",
  date         = "2021-11-09",
  url          = "https://flourish.studio/",
  urldate      = "2021-11-09",
}

@booklet{Datawrapper,
  author       = "{Datawrapper}",
  title        = "Datawrapper",
  date         = "2021-11-09",
  url          = "https://datawrapper.de/",
  urldate      = "2021-11-09",
}





@booklet{CairoSVG,
  author       = "{Kozea}",
  title        = "{CairoSVG}",
  date         = "2021-11-09",
  url          = "https://cairosvg.org/",
  urldate      = "2021-11-09",
}




@booklet{briss,
  author       = "{laborg}",
  title        = "{briss}",
  date         = "2012-05-26",
  url          = "https://sourceforge.net/projects/briss/",
  urldate      = "2021-11-09",
}



